<record><leader>00000cas a2200000 a 4500</leader><controlfield tag="001">36007880</controlfield><controlfield tag="008">961127d18831884miudn ne      0    0eng c</controlfield><datafield ind1=" " ind2=" " tag="010"><subfield code="a">sn 96077303 </subfield></datafield><datafield ind1=" " ind2=" " tag="040"><subfield code="a">MHN</subfield><subfield code="b">eng</subfield><subfield code="c">MHN</subfield><subfield code="d">OCL</subfield><subfield code="d">MHN</subfield><subfield code="d">OCLCQ</subfield><subfield code="d">OCLCF</subfield><subfield code="d">OCLCO</subfield></datafield><datafield ind1="1" ind2=" " tag="029"><subfield code="a">AU@</subfield><subfield code="b">000012971734</subfield></datafield><datafield ind1=" " ind2=" " tag="042"><subfield code="a">pcc</subfield></datafield><datafield ind1=" " ind2=" " tag="043"><subfield code="a">n-us-mi</subfield></datafield><datafield ind1="0" ind2=" " tag="130"><subfield code="a">Daily morning news (Muskegon, Mich.)</subfield></datafield><datafield ind1="1" ind2="0" tag="245"><subfield code="a">Daily morning news.</subfield></datafield><datafield ind1=" " ind2=" " tag="260"><subfield code="a">Muskegon, Mich. :</subfield><subfield code="b">F. Weller</subfield></datafield><datafield ind1=" " ind2=" " tag="300"><subfield code="a">v.</subfield></datafield><datafield ind1=" " ind2=" " tag="310"><subfield code="a">Daily (except Mon.)</subfield></datafield><datafield ind1="0" ind2=" " tag="362"><subfield code="a">Vol. 1, no. 174 (Feb. 25, 1883)-</subfield></datafield><datafield ind1="1" ind2=" " tag="362"><subfield code="a">Ceased in June 1884.</subfield></datafield><datafield ind1=" " ind2="0" tag="651"><subfield code="a">Muskegon (Mich.)</subfield><subfield code="v">Newspapers.</subfield></datafield><datafield ind1=" " ind2="0" tag="651"><subfield code="a">Muskegon County (Mich.)</subfield><subfield code="v">Newspapers.</subfield></datafield><datafield ind1=" " ind2="7" tag="655"><subfield code="a">Newspapers.</subfield><subfield code="2">fast</subfield><subfield code="0">(OCoLC)fst01423814</subfield></datafield><datafield ind1=" " ind2="7" tag="651"><subfield code="a">Michigan</subfield><subfield code="z">Muskegon.</subfield><subfield code="2">fast</subfield><subfield code="0">(OCoLC)fst01202917</subfield></datafield><datafield ind1=" " ind2="7" tag="651"><subfield code="a">Michigan</subfield><subfield code="z">Muskegon County.</subfield><subfield code="2">fast</subfield><subfield code="0">(OCoLC)fst01210800</subfield></datafield><datafield ind1=" " ind2=" " tag="752"><subfield code="a">United States</subfield><subfield code="b">Michigan</subfield><subfield code="c">Muskegon</subfield><subfield code="d">Muskegon.</subfield></datafield><datafield ind1="1" ind2=" " tag="775"><subfield code="t">News and reporter (Muskegon, Mich. : 1869)</subfield><subfield code="w">(DLC)sn 85033768</subfield><subfield code="w">(OCoLC)12253226</subfield></datafield><datafield ind1="0" ind2="0" tag="780"><subfield code="t">Daily news=reporter</subfield><subfield code="w">(DLC)sn 96077309</subfield><subfield code="w">(OCoLC)36020937</subfield></datafield><datafield ind1="0" ind2="0" tag="785"><subfield code="t">Morning news (Muskegon, Mich.)</subfield><subfield code="w">(DLC)sn 96077304</subfield><subfield code="w">(OCoLC)36009852</subfield></datafield></record>